@online{Epilepsy,
    author = "Temirkhan Myrzamadi",
    title = "Full-blown preprocessor metaprogramming in C",
    url = "https://github.com/Hirrolot/epilepsy",
}

@online{ApplicativeEvaluationStrategy,
    author = "Wikipedia",
    title = "Applicative order",
    url = "https://en.wikipedia.org/wiki/Evaluation_strategy#Applicative_order",
}
